<?xml version="1.0" encoding="UTF-8"?><collection xmlns="http://www.loc.gov/MARC21/slim"><record><leader>00526nam--2200193-i-4500</leader><controlfield tag="001">000044253</controlfield><controlfield tag="002">20161230</controlfield><controlfield tag="005">20161230201044</controlfield><controlfield tag="008">060222s1000------------r-----000-0-eng-d</controlfield><datafield ind1=" " ind2=" " tag="040"><subfield code="a">IFIN-HH</subfield></datafield><datafield ind1=" " ind2=" " tag="080"><subfield code="a">535.551</subfield></datafield><datafield ind1="1" ind2=" " tag="100"><subfield code="a">Theocaris, P.S</subfield></datafield><datafield ind1="1" ind2="0" tag="245"><subfield code="a">Matrix theory of photoelasticity</subfield><subfield code="c">P.s. theocaris, e.e. gdoutos</subfield></datafield><datafield ind1=" " ind2=" " tag="260"><subfield code="a">Berlin</subfield><subfield code="b">Springer-verlag</subfield><subfield code="c">1979</subfield></datafield><datafield ind1=" " ind2=" " tag="300"><subfield code="a">XI+352P</subfield></datafield><datafield ind1=" " ind2=" " tag="490"><subfield code="a">Springer Series In Optical Sciences 11</subfield></datafield><datafield ind1="1" ind2=" " tag="700"><subfield code="a">Gdoutos, E.E</subfield></datafield><datafield ind1=" " ind2=" " tag="852"><subfield code="a">44207</subfield><subfield code="c">535</subfield></datafield><datafield ind1=" " ind2=" " tag="CAT"><subfield code="a">Sys</subfield><subfield code="c">20160205</subfield><subfield code="h">091307</subfield></datafield></record></collection>